@Manual{citeR,
  title = {{R: A Language and Environment for Statistical Computing}},
  author = {{R Core Team}},
  organization = {R Foundation for Statistical Computing},
  address = {Vienna, Austria},
  year = {2023},
  url = {https://www.R-project.org/}
}

@Misc{BidenQuits,
  title = {Biden says he quit US presidential race to 'save democracy'},
  author = {Bernd Debusmann Jr},
  organization = {BBC News},
  year = {2024},
  month = {July 24},
  url = {https://www.bbc.com/news/articles/c047281jj8do}
}

@Misc{RepDem,
  title = {Democrat vs. Republican},
  organization = {Diffen},
  url = {https://www.diffen.com/difference/Democrat_vs_Republican}
}

@Misc{FiveThirtyEight2024,
  author = {FiveThirtyEight},
  title = {Dataset: US Presidential General Election Polls},
  year = {2024},
  url = {https://projects.fivethirtyeight.com/polls/data/president_polls.csv},
  note = {Accessed: 2024-10-07}
}

@Misc{AboutUs,
  title = {About Us},
  publisher = {Emerson College Polling},
  url = {https://emersoncollegepolling.com/about/}
}

@Misc{Polling,
  title = {October 2024 National Poll: Harris 50%, Trump 48%},
  year = {2024},
  publisher = {Emerson College Polling},
  url = {https://emersoncollegepolling.com/october-2024-national-poll-harris-50-trump-48/}
}

@Article{thereferencecanbewhatever,
  title = {Welcome to the {tidyverse}},
  author = {Hadley Wickham and Mara Averick and Jennifer Bryan and Winston Chang and Lucy D'Agostino McGowan and Romain François and Garrett Grolemund and Alex Hayes and Lionel Henry and Jim Hester and Max Kuhn and Thomas Lin Pedersen and Evan Miller and Stephan Milton Bache and Kirill Müller and Jeroen Ooms and David Robinson and Dana Paige Seidel and Vitalie Spinu and Kohske Takahashi and Davis Vaughan and Claus Wilke and Kara Woo and Hiroaki Yutani},
  journal = {Journal of Open Source Software},
  year = {2019},
  volume = {4},
  number = {43},
  pages = {1686},
  doi = {10.21105/joss.01686}
}

@Manual{citeLahman,
  title = {{Lahman: Sean `Lahman' Baseball Database}},
  author = {Michael Friendly and Chris Dalzell and Martin Monkman and Dennis Murphy},
  year = {2020},
  note = {R package version 8.0-0},
  url = {https://CRAN.R-project.org/package=Lahman}
}

@Article{gebru2021datasheets,
  title = {Datasheets for datasets},
  author = {Gebru, Timnit and Morgenstern, Jamie and Vecchione, Briana and Vaughan, Jennifer Wortman and Wallach, Hanna and Iii, Hal Daumé and Crawford, Kate},
  journal = {Communications of the ACM},
  year = {2021},
  volume = {64},
  number = {12},
  pages = {86--92},
  publisher = {ACM New York, NY, USA}
}

@Manual{rstanarm,
  title = {{rstanarm: {Bayesian} applied regression modeling via {Stan}}},
  author = {Ben Goodrich and Jonah Gabry and Imad Ali and Sam Brilleman},
  year = {2022},
  note = {R package version 2.21.3},
  url = {https://mc-stan.org/rstanarm/}
}

@Manual{palmerpenguins,
  title = {{palmerpenguins: Palmer Archipelago (Antarctica) penguin data}},
  author = {Allison Marie Horst and Alison Presmanes Hill and Kristen B Gorman},
  year = {2020},
  note = {R package version 0.1.0},
  doi = {10.5281/zenodo.3960218},
  url = {https://allisonhorst.github.io/palmerpenguins/}
}

@Book{tellingstories,
  title = {Telling Stories with Data},
  author = {Rohan Alexander},
  year = {2023},
  publisher = {Chapman & Hall/CRC},
  url = {https://tellingstorieswithdata.com/}
}

@Manual{shelter,
  title = {Deaths of Shelter Residents},
  author = {Toronto Shelter & Support Services},
  year = {2024},
  note = {As accessed 2024-10-02},
  url = {https://open.toronto.ca/dataset/deaths-of-shelter-residents/}
}

@Misc{globalnews2024,
  author = {Mia Rabson},
  title = {Kamala Harris would be Democrats’ ‘best choice’ if Biden doesn’t run, expert says},
  year = {2024},
  url = {https://globalnews.ca/news/10683018/kamala-harris-democratic-nomination-us-election-2/},
  note = {Accessed: 2024-10-30}
}
@Manual{here,
  title = {{here: A Simpler Way to Find Your Files}},
  author = {Kirill Müller},
  year = {2020},
  note = {R package version 1.0.1},
  url = {https://CRAN.R-project.org/package=here}
}

@Manual{arrow,
  title = {{arrow: Integration to the Apache Arrow Project}},
  author = {Neal Richardson and Uwe Korn and Dewey Dunnington},
  year = {2024},
  note = {R package version 12.0.0},
  url = {https://CRAN.R-project.org/package=arrow}
}

@Manual{dplyr,
  title = {{dplyr: A Grammar of Data Manipulation}},
  author = {Hadley Wickham and Romain François and Lionel Henry and Kirill Müller},
  year = {2023},
  note = {R package version 1.1.3},
  url = {https://CRAN.R-project.org/package=dplyr}
}

@Manual{brms,
  title = {{brms: Bayesian Regression Models using 'Stan'}},
  author = {Paul-Christian Bürkner},
  year = {2023},
  note = {R package version 2.19.0},
  url = {https://CRAN.R-project.org/package=brms}
}

@Manual{googledrive,
  title = {{googledrive: An Interface to Google Drive}},
  author = {Jennifer Bryan and Lucy D'Agostino McGowan},
  year = {2024},
  note = {R package version 2.0.0},
  url = {https://CRAN.R-project.org/package=googledrive}
}

@Manual{readxl,
  title = {{readxl: Read Excel Files}},
  author = {Hadley Wickham and Jennifer Bryan},
  year = {2024},
  note = {R package version 1.4.2},
  url = {https://CRAN.R-project.org/package=readxl}
}

@Manual{tidyverse,
  title = {{tidyverse: Easily Install and Load the 'Tidyverse'}},
  author = {Hadley Wickham},
  year = {2024},
  note = {R package version 1.4.0},
  url = {https://CRAN.R-project.org/package=tidyverse}
}

@Manual{lubridate,
  title = {{lubridate: Make Dealing with Dates a Little Easier}},
  author = {Garrett Grolemund and Hadley Wickham},
  year = {2023},
  note = {R package version 1.9.2},
  url = {https://CRAN.R-project.org/package=lubridate}
}

@Manual{janitor,
  title = {{janitor: Simple Tools for Examining and Cleaning Dirty Data}},
  author = {Sam Firke},
  year = {2024},
  note = {R package version 2.2.0},
  url = {https://CRAN.R-project.org/package=janitor}
}

@Manual{testthat,
  title = {{testthat: Unit Testing for R}},
  author = {Hadley Wickham and Jim Hester},
  year = {2023},
  note = {R package version 3.1.10},
  url = {https://CRAN.R-project.org/package=testthat}
}

@Manual{knitr,
  title = {{knitr: A General-Purpose Package for Dynamic Report Generation in R}},
  author = {Yihui Xie},
  year = {2023},
  note = {R package version 1.42},
  url = {https://CRAN.R-project.org/package=knitr}
}

@Manual{ggcorrplot,
  title = {{ggcorrplot: Visualization of a Correlation Matrix using 'ggplot2'}},
  author = {Alboukadel Kassambara},
  year = {2023},
  note = {R package version 0.1.4},
  url = {https://CRAN.R-project.org/package=ggcorrplot}
}

@Manual{kableExtra,
  title = {{kableExtra: Construct Complex Table with 'kable()' + Pipe Syntax}},
  author = {Hao Zhu},
  year = {2023},
  note = {R package version 1.3.4},
  url = {https://CRAN.R-project.org/package=kableExtra}
}

@Manual{zoo,
  title = {{zoo: S3 Infrastructure for Regular and Irregular Time Series (Z's Ordered Observations)}},
  author = {Achim Zeileis and Gabor Grothendieck},
  year = {2023},
  note = {R package version 1.8-12},
  url = {https://CRAN.R-project.org/package=zoo}
}

@Manual{readr,
  title = {{readr: Read Rectangular Text Data}},
  author = {Hadley Wickham and Jim Hester},
  year = {2023},
  note = {R package version 2.1.4},
  url = {https://CRAN.R-project.org/package=readr}
}
